@book{book1,
  author = {余敏},
  title={出版集团研究},
  location={北京},
  publisher={中国书籍出版社},
  date={2001},
  pages={179-193},
  usera={M},
  language={cn}}

@book{book2,
    author={{昂温 G} and {昂温 P S}},
    title={外国出版史},
    usera={M},
    translator={陈生诤},
    location={北京},
    publisher={中国书籍出版社},
    year={1988},
    language={cn}}

@book{book3,
    author={全国文献工作标准化委员会第七分委员会},
    title={GB/T 5795--1986 中国标准书号},
    usera={S},
    location={北京},
    publisher={中国标准出版社},
    year={1986},
    language={cn}}

@book{book4,
    author={辛希孟},
    title={信息技术与信息服务国际研讨会论文集},
    titleaddon={A集},
    usera={C},
    location={北京},
    publisher={中国社会科学出版社},
    year={1994},
    language={cn}}
@book{book5,
    author={孙玉文},
    title={汉语变调构词研究},
    usera={D},
    location={北京},
    publisher={北京大学出版社},
    year={2000},
    language={cn}}
@book{book6,
    author={顾炎武},
    title={昌平山水记},
    titleaddon={东京考古录},
    usera={M},
    location={北京},
    publisher={北京古籍出版社},
    year={1982},
    language={cn}}
@book{book7,
    author={王夫之},
    title={宋论},
    edition={刻本},
    usera={M},
    location={金陵},
    publisher={曾氏},
    year={1845(清同治四年)},
    language={cn}}
@book{book8,
    author={赵耀东},
    title={新时代的工业工程师},
    usera={M/OL},
    location={台北},
    publisher={天下文化出版社},
    year={1998},
    urldate={1998-09-26},
    url={http://www.ie.nthu.edu.tw/info/ie.newie.htm(Big5)},
    language={cn}}
@book{book9,
    author={T. M. PIGGOT},
    title={The cataloguer's way through AACR2},
    titleaddon={from document receipt to document retrieval},
    usera={M},
    location={London},
    publisher={The Library Association},
    year={1990}}
@book{book10,
    author={PEEBLES, Jr., P Z},
    title={Probability, random variable and random signal principles},
    usera={M},
    edition={4},
    location={New York},
    publisher={McGraw Hill},
    year={2001}}
@book{book11,
    author={S. A. YUFIN},
    title={Geoecology and computers},
    titleaddon={proceedings of the Third International Conference on Advances of
        Computer Methods in Geotechnical and Geoenvironmental
            Engineering, Moscow, Russia, February 1-4, 2000},
    usera={C},
    location={Rotterdam},
    publisher={A. A. Balkema},
    year={2000}}

@inbook{inbook1,
    author={程根伟},
    title={1998年长江洪水的成因与减灾对策},
    usera={M},
    bookauthor={许厚泽 and 赵其国},
    booktitle={长江流域洪涝灾害与科技对策},
    location={北京},
    publisher={科学出版社},
    year={1999},
    pages={32-36},
    language={cn}}
@inbook{inbook2,
    author={陈晋镳 and 张惠民 and 朱士兴 and others},
    title={蓟县震旦亚界研究},
    usera={M},
    bookauthor={中国地质科学院天津地质矿产研究所},
    booktitle={中国震旦亚界},
    location={天津},
    publisher={天津科学出版社},
    year={1980},
    pages={56-114},
    language={cn}}
@inbook{inbook3,
    author={白书农},
    title={植物开花研究},
    usera={M},
    bookauthor={李承森},
    booktitle={植物科学进展},
    location={北京},
    publisher={高等教育出版社},
    year={1998},
    pages={146-163},
    language={cn}}
@inbook{inbook4,
    author={马克思},
    title={关于《工资、价格和利润》的报告札记},
    usera={M},
    bookauthor={马克思 and 恩格斯},
    booktitle={马克思恩格斯全集},
    booktitleaddon={第44卷},
    location={北京},
    publisher={人民出版社},
    year={1982},
    pages={505},
    language={cn}}
@inbook{inbook5,
    author={钟文发},
    title={非线性规划在可燃毒物配置中的应用},
    usera={C},
    bookauthor={赵玮},
    booktitle={运筹学的理论和应用},
    booktitleon={中国运筹学会第五届大会讨论文集},
    location={西安},
    publisher={西安电子科技大学出版社},
    year={1996},
    pages={468-471},
    language={cn}}

@inbook{inbook6,
    author={L WEINSTEIN and M N SWERTZ},
    title={Pathogenic properties of invading microorganism},
    usera={M},
    bookauthor={SODEMAN, Jr., W A and W A SODEMAN},
    booktitle={Pathologic physiology},
    booktitleaddon={mechanisms of disease},
    location={Philadelphia},
    publisher={Saunders},
    year={1974},
    pages={745-772},
    language={en}}

@periodical{periodical1,
    editor={中国地质学会},
    title={地质评论},
    usera={J},
    date={1936},
    volume={1},
    number={1},
    location={北京},
    publisher={地质出版社},
    language={cn}}

@periodical{periodical2,
    editor={中国图书馆学会},
    title={图书馆学通信},
    usera={J},
    date={1957/1990},
    number={1-4},
    location={北京},
    publisher={北京图书馆},
    language={cn}}

@periodical{periodical3,
    editor={{American Association for the Advancement of Science}},
    title={Science},
    usera={J},
    date={1883},
    volume={1},
    number={1},
    location={Washington, D.C.},
    publisher={American Association for the Advancement of Science},
    language={en}}

@article{article1,
  author = {李晓东 and 张庆红 and 叶瑾琳},
  title={气候学研究的若干理论问题},
  journaltitle={北京大学学报},
  journaltitleaddon={自然科学版},
  date={1999},
  pages={101-106},
  volume={35}, 
  number={1},
  usera={J},
  language={cn}}

@article{article2,
  author = {刘武 and 郑良 and 姜础},
  title={元谋人牙齿测量数据的统计分析及其在分类研究上的意义},
  journaltitle={科学通报},
  date={1999},
  volume={44},
  number={23},
  pages={2481-2488},
  usera={J},
  language={cn}}
@article{article3,
  author = {傅刚 and 赵承 and 李佳路},
  title={大风沙过后的思考},
  journaltitle={北京青年报},
  date={2000-04-12},
  number={14},
  usera={N/OL},
  urldate={2005-07-12},
  url={http://www.bjyouth.com.cn/Bqb/20000412/GB/4216%5ED0412B1401.htm},
  language={cn}}
@article{article4,
  author = {莫少强},
  title={数字式中文全球文献格式的设计与研究},
  usera={J/OL},
  journaltitle={情报学报},
  date={1999},
  volume={18},
  number={4},
  pages={1-6},
  urldate={2001-07-08},
  url={http://periodical.wanfangdata.com.cn/periodical/qbxb/qbxb99/qbxb9904/990407.htm},
  language={cn}}
@article{article5,
  author = {H KANAMORI},
  title={Shaking without quaking},
  usera={J},
  journaltitle={Science},
  date={1998},
  volume={279},
  number={5359},
  pages={2063-2064}}
@article{article6,
  author = {P CAPLAN},
  title={Cataloging internet resources},
  journaltitle={The public Access Computer Systems Review},
  date={1993},
  volume={4},
  number={2},
  pages={61-66},
  usera={J}}

@patent{patent1,
    author={姜锡洲},
    title={一种温热外敷药制备方案},
    titleaddon={中国},
    number={88105607.3},
    usera={P},
    date={1989-07-26}}
@patent{patent2,
    author={西安电子科技大学},
    title={光折变自适应光外差探测方法},
    titleaddon={中国},
    number={01128777.2},
    usera={P/OL},
    date={2002-03-06},
    urldate={2002-05-28},
    url={http://211.152.9.47/sipoasp/zljs/hyjs-yx-new.asp?recid=01128777.2&leixin=0}}
@patent{patent3,
    author={R TACHIBANA and S SHIMIZU and S KOBAYSHI and others},
    title={Electronic watermarking method and system},
    titleaddon={US},
    number={6,915,001},
    usera={P/OL},
    date={2002-04-25},
    urldate={2002-05-28},
    url={http://patftuspto.gov/netacgi/nph-Parser?
        Seetl=PTO2&Sect2=HITOFF&=1&u=/netahhml/search-bool.html
            &r=1&f=G&1=50&col=AND&d=ptxt&sl=`Electronic+watermarking+method+system'.TTL.&OS=TTL/}}
@online{online1,
    title={PACS-L:the public-access computer systems forum},
    usera={EB/OL},
    location={Houston},
    publisher={Tex: University of Houston Libraries},
    date={1989},
    urldate={1995-05-17},
    url={http://info.lib.uh.edu/pacsl.html}}
@online{online2,
    author={{Online Computer Library Center, Inc.}},
    title={History of OCLC},
    usera={EB/OL},
    urldate={2000-01-08},
    url={http://www.oclc.org/about/history/default.htm}}
@online{online3,
    author={A HOPKINSON},
    title={UNIMARC and metadata: Dublin Core},
    usera={EB/OL},
    urldate={1999-12-08},
    url={http://www.rfla.org/IV/rfla64/13801613.htm}}
%items in appendix A
@book{abook1,
	author={广西壮族自治区林业厅},
	title={广西自然保护区},
	usera={M},
	location={北京},
	publisher={中国林业出版社},
	date={1993},
	language={cn}}

@book{abook2,
  author={蒋有绪 and 郭泉水 and 马娟 and others},
  title={中国森林群落分类及其群落学特征},
  usera={M},
  location={北京},
  publisher={科学出版社},
  date={1998},
  language={cn}}
  
@book{abook3,
	author={唐绪军},
	title={报业经济与报业经营},
	usera={M},
	location={北京},
	publisher={新华出版社},
	date={1999},
	pages={117-121},
	language={cn}}
@book{abook4,
	author={赵凯华 and 罗蔚茵},
	title={新概念物理教程},
	titleaddon={物理},
	usera={M},
	location={北京},
	publisher={高等教育出版社},
	date={1995},
	language={cn}}

@book{abook5,
    author={汪昂},
    title={(增补)本草备要},
    usera={M},
    edition={石印本},
    location={上海},
    publisher={同文书局},
    year={1912},
	language={cn}}
	
@book{abook6,
	author={W CRAWFPRD and M GORMAN},
	title={Future libraries:dreams, maddness, & reality},
	usera={M},
	location={Chicago},
	publisher={American Library Association},
	date={1995}}

@book{abook7,
    author={{International Federation of Library Association and Institutions}},
    title={Names of persons: national usages for entry in catalogues},
	usera={M},
    edition={3},
    location={London},
    publisher={IFLA International Office for UBC},
    year={1977}}
	
@book{abook8,
	author={J A O'BRIEN},
	title={Introduction to information systems},
	usera={M},
	edition={7},
	location={Burr Ridge, III.},
	publisher={Irwin},
	date={1994}}
	
@book{abook9,
	author={H J ROOD},
	title={Logic and structured design for computer programmers},
	usera={M},
	edition={3},
	publisher={Brooks/Cole-Thomson Learning},
	date={2001}}
	
@proceedings{aproceedings1,
	editor={中国力学学会},
	title={第3届全国实验流体力学学术会议论文集},
	user={C},
	location={天津},
	date={1990},
        language={cn}}

@proceedings{aproceedings2,
	editor={E M ROSENTHALL},
	title={Proceedings of the Fifth Canadian Mathematical Congress, University of Montreal, 1961},
	usera={C},
	location={Toronto},
	publisher={University of Toronto Press},
	date={1963}}
	
@proceedings{aproceedings3,
	editor={V G GANZHA and E W MAYR and E V VOROZHTSOV},
	title={Computer algebra in scientific computing:CASC 2000:proceedings of the Third
		Workshop on Computer Algebra in Scientific Computing, Samarkand, October 5-9, 2000},
	usera={C},
	location={Berlin},
	publisher={Springer},
	date={2000}}
	
@report{areport1,
    author={{U.S. Department of Transportation Federal Highway Administration}},
    title={Guidelines for handling excavated acid-producing materials, PB
        91-194001},
    usera={R},
    location={Springfield},
    institution={U.S. Department of Commerce National Information Service},
    date={1990}}
	
@report{areport2,
    author={{World Health Organization}},
    title={Factors regulating the immune response},
    titleaddon={report of WHO Scientific Group},
    usera={R},
    location={Geneva},
    institution={WHO},
    date={1970}}
	
@thesis{athesis1,
    author={张志祥},
    title={间断动力系统的随机扰动及其在守恒律方程中的应用},
    usera={D},
    location={北京},
    institution={北京大学数学学院},
    date={1998},
    language={cn}}
@thesis{athesis2,
    author={R B CALMS},
    title={Infrared spectroscopic studies on solid oxygen},
    usera={D},
    location={Berkeley},
    institution={Univ. of California},
    date={1965}}
	
@patent{apatent1,
	author={刘加林},
	title={多功能一次性压舌板},
	location={中国},
	number={92214985.2},
	date={1993-04-14},
	usera={P},
	language={cn}}
	
@patent{apatent2,
	author={河北绿洲生态环境科技有限公司},
	title={一种荒漠化地区生态植被综合培育种植方法},
	location={中国},
	number={01129210.5},
	usera={P/OL},
	date={2001-10-24},
	urldate={2002-05-28},
	url={http://211.152.9.47/sipoasp/zlijs/hyjs-yx-new.asp?recid=01129210.5&leixin},
	language={cn}}
	
@patent{apatent3,
	author={A KOSEKI and H MOMOSE M KAWAHITO and others},
	title={Compiler},
	location={US},
	number={828402},
	usera={P/OL},
	date={2002-05-25},
	urldate={2002-05-28},
	url={http://FF&p=1&u=netahtml/PTO/search-bool.html&r=5&f=G&l=50&col=AND&d=PG01&sl=IBM.AS.&0S=AN/IBM&RS=AN/IBM},
	language={cn}}
	
@inbook{ainbook1,
	author={国家标准局信息分类编码研究所},
	title={GB/T 2659-1986 世界各国和地区名称代码},
	usera={S},
	bookauthor={全国文献工作标准化技术委员会},
	booktitle={文献工作国家标准汇编},
	booktitleaddon={3},
	location={北京},
	publisher={中国标准出版社},
	date={1988},
	pages={59-92},
	language={cn}}
	
@inbook{ainbook2,
	author={韩吉人},
	title={论职工教育的特点},
	usera={G},
	bookauthor={中国职工教育研究会},
	booktitle={职工教育研究论文集},
	location={北京},
	publisher={人民教育出版社},
	date={1985},
	pages={90-99},
	language={cn}}

@inbook{ainbook3,
	author={P R BUSECK and NORD, Jr., G L and D R VEBLEN},
	title={Subsolidus phenomena in pyroxenes},
	usera={M},
	bookauthor={CT PREWITT},
	booktitle={Pyroxense},
	location={Washington, D.C.},
	publisher={Mineralogical Society of America},
	date={1980},
	pages={117-211}}
	
@inbook{ainbook4,
	author={M E FOURNEY},
	title={Advances in holographic photoelasticity},
	usera={C},
	bookauthor={American Society of Mechanical Engineers. Applied Mechanics Division},
	booktitle={Symposium on Applications of Holography in Mechanics, August 23-25, 1971.
		University of Southern California, Los Angeles, California},
	location={New York},
	publisher={ASME},
	date={1971},
	pages={17-38}}

@inbook{ainbook5,
	author={G MARTIN},
	title={Control of electronic resources in Australia},
	usera={M},
	bookauthor={L W PATTLE and B J COX},
	booktitle={Electronic resources},
	booktitleaddon={selection and bibliographic control},
	location={New York},
	publisher={The Haworth Press},
	date={1996},
	pages={85-96}}
	
@article{aarticle1,
	author={李炳穆},
	title={理想的图书管理员和信息专家的素养与形象},
	usera={J},
	journaltitle={图书情报工作},
	date={2000},
	number={2},
	pages={5-8},
	language={cn}}
	
@article{aarticle2,
	author={陶仁骥},
	title={密码学与数学},
	usera={J},
	journaltitle={自然杂志},
	date={1984},
	volume={7},
	number={7},
	pages={527},
	language={cn}}
	
@article{aarticle3,
	author={亚洲地质图编目组},
	title={亚洲地层与地质历史概述},
	usera={J},
	journaltitle={地质学报},
	date={1978},
	volume={3},
	pages={194-208},
	language={cn}}
	
@article{aarticle4,
	author={DES MARAIS, D J and H STRAUSS and R E SUMMONS and others},
	title={Carbon isotope evidence for the stepwise oxidation of the Proterozoic environment},
	usera={J},
	journaltitle={Nature},
	date={1992},
	volume={359},
	pages={605-609}}
	
@article{aarticle5,
	author={J A HEWITT},
	title={Technical services in 1983},
	usera={J},
	journaltitle={Library Resource Services},
	date={1984},
	volume={28},
	number={3},
	pages={205-218}}
	
@article{aarticle6,
	author={丁文祥},
	title={数字革命与竞争国际化},
	usera={N},
	journaltitle={中国青年报},
	date={2000-11-20},
	number={15},
	language={cn}}
	
@article{aarticle7,
	author={张田勤},
	title={犯罪DNA库与生命伦理学计划},
	usera={N},
	journaltitle={大众科技报},
	date={2000-11-12},
	number={7}}

@article{aonline1,
	author={江向东},
	title={互联网环境下的信息处理与图书管理系统解决方案},
	usera={J/OL},
	journaltitle={情报学报},
	date={1999},
	volume={18},
	number={2},
	pages={4},
	urldate={2000-01-18},
	url={http://www.chinainfo.gov.cn/periodical/qbxb/qbxb99/qbxb990203},
	language={cn}}
	
@online{aonline2,
	author={萧钰},
	title={出版业信息化迈入快车道},
	usera={EB/OL},
	date={2001-12-19},
	urldate={2002-04-15},
	url={http://www.creader.com/news/20011219/200112190019.html},
	language={cn}}
	
@article{aonline3,
	author={M CHRISTINE},
	title={Plant physiology:plant biology in the Genome Era},
	usera={J/OL},
	journaltitle={Science},
	date={1998},
	volume={281},
	pages={331-332},
	urldate={1998-09-23},
	url={http://www.sciencemag.org/cgi/collection/anatmorp}}

%author year entries

@book{ay1,
    author={D. CRANE},
    date = {1972},
    title={Invisible college},
    usera={M},
    location={Chicago},
    publisher={Univ. of Chicago Press}}
@article{ay2,
    author={M. F. STIEG},
    date={1981},
    title={The information needs of historians},
    usera={J},
    journaltitle={College and Research Libraries},
    volume={42},
    number={6},
    pages={549-560}}
@article{ay3,
    author={W. J. KENNEDY and R. E. GARRISON},
    date={1975},
    title={Morphology and genesis of nodular chalks and hardgrounds in the Upper
        Cretacesous of southern England},
    usera={J},
    journaltitle={Sedimentology},
    volume={22},
    pages={311-386}}
@article{ay4,
    author={W. J. KENNEDY and R. E. GARRISON},
    date={1975},
    title={Morphology and genesis of nodular chalks and hardgrounds in the Upper
        Cretacesous of southern England},
    usera={J},
    journaltitle={Lethaia},
    volume={8},
    pages={339-360}}

@inproceedings{ay5,
    author={裴丽生},
    date={1981},
    title={在中国科协技术期刊编辑工作经验交流会上的讲话},
    usera={C},
    booktitle={中国科协学术期刊编辑工作经验交流会资料选},
    location={北京},
    institution={中国科学技术协会学会工作部},
    pages={2-10},
    language={cn}}

@article{ay6,
    author={刘彻东},
    date={1998},
    title={中国的青年刊物},
    titleaddon={个性特色为本},
    usera={J},
    journaltitle={中国出版},
    number={5},
    pages={38-39},
    language={cn}}

@inproceedings{ay7,
    author={张忠智},
    date={1997},
    title={科技书刊的总编(主编)的角色要求},
    usera={C},
    booktitle={中国科学技术期刊编辑学会建会十周年学术研讨会论文汇编},
    location={北京},
    institution={中国科学技术期刊编辑学会学术委员会},
    pages={33-34},
    language={cn}}

@book{ay8,
    author={中国社会科学院语言研究所词典编辑室},
    date={1996},
    title={现代汉语词典},
    usera={M},
    edition={修订本},
    location={北京},
    publisher={商务印书馆},
    language={cn}}

	
%other entries for debug	
@book{bookadd1,
    author={鸟哥},
    title={鸟哥的linux私房菜},
    usera={M},
    edition={3},
    publisher={人民邮电出版社},
    language={cn}}

@book{booknoauthor,
  title={出版集团研究},
  location={北京},
  publisher={中国书籍出版社},
  date={2001},
  pages={179-193},
  language={cn}}
@book{booknolocation,
  author = {余敏},
  title={出版集团研究},
  publisher={中国书籍出版社},
  date={2001},
  pages={179-193},
  usera={M},
  language={cn}}
@book{booknopublisher,
  author = {余敏},
  title={出版集团研究},
  location={北京},
  date={2001},
  pages={179-193},
  usera={M},
  language={cn}}
@book{booknodate,
  author = {余敏},
  title={出版集团研究},
  location={北京},
  publisher={中国书籍出版社},
  pages={179-193},
  usera={M},
  language={cn}}
@book{booknopages,
  author = {余敏},
  title={出版集团研究},
  location={北京},
  publisher={中国书籍出版社},
  date={2001},
  usera={M},
  url={www.bla~bla.org},
  language={cn}}

@book{bookmoretranslators,
    author={{昂温 G} and {昂温 P S}},
    title={外国出版史},
    usera={M},
    translator={陈生诤 and 张进军 and 李克用 and 赵利用},
    location={北京},
    publisher={中国书籍出版社},
    year={1988},
    language={cn}}
  
@INPROCEEDINGS{inproceeding1,
  author = {B Nemec},
  title = {Force control of redundant robots},
  booktitle = {Processings of Symposium on Robot Control},
  usera = {C},
  year = {1997},
  pages = {209-214},
  country = {Nantes France},
  language = {en}
}

@article{articlemorenames,
  title={Cooperation enforcement and learning for optimizing packet forwarding in autonomous wireless networks},
  author={Pandana, C. and Han, Z. and Liu, K.J.R. and others},
  journal={Wireless Communications, IEEE Transactions on},
  volume={7},
  number={8},
  pages={3150--3163},
  year={2008},
  publisher={IEEE}
}
